<?xml version="1.0" encoding="UTF-8"?><collection xmlns="http://www.loc.gov/MARC21/slim"><record><leader>00428nam--2200157-i-4500</leader><controlfield tag="001">000045503</controlfield><controlfield tag="002">20161230</controlfield><controlfield tag="005">20170122222039</controlfield><controlfield tag="008">060222s1000------------r-----000-0-eng-d</controlfield><datafield ind1=" " ind2=" " tag="100"><subfield code="a">Treybal, Robert E</subfield></datafield><datafield ind1=" " ind2=" " tag="245"><subfield code="a">Mass. transfer operations</subfield></datafield><datafield ind1=" " ind2=" " tag="260"><subfield code="a">New York</subfield><subfield code="b">Mc.Graw-Hill</subfield><subfield code="c">1955</subfield></datafield><datafield ind1=" " ind2=" " tag="300"><subfield code="a">X+666 p. + Fig.+1 F.Pl</subfield></datafield><datafield ind1=" " ind2=" " tag="490"><subfield code="a">Mc.Graw-hill Series In Chemicalengineering</subfield></datafield><datafield ind1=" " ind2=" " tag="852"><subfield code="a">12759</subfield></datafield><datafield ind1=" " ind2=" " tag="CAT"><subfield code="a">SYS</subfield><subfield code="c">20170122</subfield><subfield code="h">222039</subfield></datafield></record></collection>